@Article{bib:boson,
	author={T.~\textsc{Chen} et T.~\textsc{He}},
	title={Higgs Boson Discovery with Boosted Trees},
	year=2014,
	journal={JMLR: Workshop and Conference Proceedings}
}

@Article{bib:higgs-presentation,
	author={T.~\textsc{Chen} et T~\textsc{He}},
	title={XGBoost, eXtreme Gradient Boosting},
	year = 2015,
	journal={Slideshare}
}

@Article{bib:xgboost-article,
	author={T.~\textsc{Chen} et C.~\textsc{Guestrin}},
	title={XGBoost : A Scalable Tree Boosting System},
	year={2016},
	journal={ArXiV}
}

@misc{bib:bench,
	author={T.~\textsc{He}},
	title={Parallel Computation with R and XGBoost},
	howpublished={\url{http://www.parallelr.com/parallel-computation-with-r-and-xgboost/}},
	year={24 janvier 2017}
}

@misc{bib:params,
	author={J.~\textsc{Aarshay}},
	howpublished={\url{https://www.analyticsvidhya.com/blog/2016/03/complete-guide-parameter-tuning-xgboost-with-codes-python/}},
	title={Complete Guide to Parameter Tuning in XGBoost (with codes in Python)},
	year={1\up{er} mars 2016}
}

@misc{bib:xgboost-r,
	author={T.~\textsc{He}},
	howpublished={\url{http://dmlc.ml/rstats/2016/03/10/xgboost.html}},
	title={An Introduction to XGBoost R package},
	year={10 mars 2016}
}

@misc{bib:benchmarkin-rf,
	author={Szilard \textsc{Pafka}},
	howpublished={\url{http://datascience.la/benchmarking-random-forest-implementations/}},
	title={Benchmarking Random Forest Implementations},
	year={19 mai 2015}
}

@Article{bib:elghazel,
	author={Haytham~\textsc{Elghazel}},
	title={Méthodes ensemblistes pour l'apprentissage supervisé},
	year=2016,
	journal={Support de cours à l'UCBL}
}

@misc{bib:cv-params,
	author={CRAN},
	howpublished={\url{https://rdrr.io/cran/xgboost/man/xgb.cv.html}},
	title={xgb.cv : Cross Validation},
	year={Accès le 25/03/2017}
}

@misc{bib:intro-r,
	author={Tong~\textsc{He}},
	howpublished={\url{http://dmlc.ml/rstats/2016/03/10/xgboost.html}},
	title={An Introduction to XGBoost R package},
	year={10 mars 2016}
}

@misc{bib:parallel,
	author={Z.~\textsc{Fang}},
	howpublished={\url{http://zhanpengfang.github.io/418home.html}},
	title={Parallel Gradient Boosting Decision Trees},
	year={Accès le 25/03/2017}
}

@misc{bib:xgboost-main,
	author={T.~\textsc{Chen} et al.},
	howpublished={\url{https://xgboost.readthedocs.io/en/latest/}},
	title={Scalable and Flexible Gradient Boosting},
	year={Accès le 25/03/2017}
}

@misc{bib:xgboost-git,
	author={T.~\textsc{Chen} et Moutai},
	howpublished={\url{https://github.com/dmlc/xgboost/blob/master/NEWS.md}},
	title={XGBoost Change Log},
	year={Accès le 12/03/2017}
}

@misc{bib:xgboost-author,
	author={T.~\textsc{Chen}},
	howpublished={\url{http://homes.cs.washington.edu/~tqchen/2016/03/10/story-and-lessons-behind-the-evolution-of-xgboost.html}},
	title={Story and Lessons Behind the Evolution of XGBoost},
	year={Accès le 12/03/2017}
}

@misc{bib:xgboost-dataiku,
	author={M.~\textsc{Scordia} pour Dataiku},
	howpublished={\url{https://blog.dataiku.com/2015/08/24/xgboost_and_dss}},
	title={XGBoost in Data Science Studio},
	year={Accès le 13/03/2017}
}

@misc{bib:xgboost-hdeuxo,
	author={A.~\textsc{Candel} via Twitter},
	howpublished={\url{https://twitter.com/ArnoCandel/status/825198541958045696/photo/1}},
	title={XGBoost will soon be part of H2O.ai},
	year={Accès le 13/03/2017}
}

@misc{bib:xgboost-presentation,
	author={Tong~\textsc{He}},
	howpublished={\url{http://www.saedsayad.com/docs/xgboost.pdf}},
	title={XGBoost, eXtreme Gradient Boosting},
	year={Accès le 25/03/2017}
}

@misc{bib:xgboost-higgs,
	author={Tong~\textsc{He}},
	howpublished={\url{https://github.com/dmlc/xgboost/blob/master/demo/kaggle-higgs/higgs-train.R}},
	title={XGBoost, Higgs trains for R},
	year={Accès le 25/03/2017}
}

@misc{bib:noshow,
	author={James \textsc{Marquez}},
	howpublished={\url{http://jamesmarquezportfolio.com}},
	title={Walk-throught of patient no-show supervised Machine Learning Classification with XGBoost in R},
	year={Accès le 25/03/2017}
}

@misc{bib:flue,
	author={ShirinG (Github)},
	howpublished={\url{https://shiring.github.io/machine_learning/2016/12/02/flu_outcome_ML_2_post}},
	title={Extreme Gradient Boosting and Preprocessing in Machine Learning - Addendum to predicting flu outcome with R},
	year={Accès le 25/03/2017}
}

@misc{bib:xgboost-flink,
	author={N.~\textsc{Zhu}, T.~\textsc{Chen}},
	howpublished={\url{http://www.kdnuggets.com/2016/03/xgboost-implementing-winningest-kaggle-algorithm-spark-flink.html}},
	title={XGBoost: Implementing the Winningest Kaggle Algorithm in Spark and Flink},
	year={Accès le 25/03/2017}
}

@misc{bib:scala-spark,
	author={E.~\textsc{Cuoco}},
	howpublished={\url{https://www.elenacuoco.com/2016/10/10/scala-spark-xgboost-classification/}},
	title={Spark and XGBoost using Scala},
	year={10 octobre 2016},
}

@misc{bib:xgboost-install,
	author={T.~\textsc{Chen} et al},
	howpublished={\url{http://xgboost.readthedocs.io/en/latest/build.html}},
	title={Installation Guide},
	year={Accès le 25/03/2017}
}

@misc{bib:stacking-noskov,
	author={A.~\textsc{Noskov}},
	howpublished={\url{http://blog.kaggle.com/2017/02/27/allstate-claims-severity-competition-2nd-place-winners-interview-alexey-noskov/}},
	title={Allstate Claims Severity Competition, 2\up{nd} Place Winners's Interview},
	year={27 février 2017}
}

@misc{bib:stacking-kaggle,
	author={B.~\textsc{Gorman}},
	howpublished={\url{http://blog.kaggle.com/2016/12/27/a-kagglers-guide-to-model-stacking-in-practice/}},
	title={A Kaggler's Guide to Model Stacking in Pratice},
	year={27 décembre 2016}
}


